@mastersthesis{tagliavini,
    author = {Tagliavini Ponce, Guido},
    title = {Star Routing: Entre Ruteo de Vehículos y
Vertex Cover},
    school = {Universidad de Buenos Aires},
    year = {2017}
}

@mastersthesis{mongi-badia,
    author = {Mongi Badía, Martín},
    title = {Algoritmos basados en programación
lineal entera para el problema de ruteo
de buses escolares},
    school = {Universidad de Buenos Aires},
    year = {2019}
}

@article{dantzig-ramser,
  title={The truck dispatching problem},
  author={Dantzig, George B and Ramser, John H},
  journal={Management science},
  volume={6},
  number={1},
  pages={80--91},
  year={1959},
  publisher={Informs}
}

@article{christo-et-al,
  title={Exact algorithms for the vehicle routing problem, based on spanning tree and shortest path relaxations},
  author={Christofides, Nicos and Mingozzi, Aristide and Toth, Paolo},
  journal={Mathematical programming},
  volume={20},
  pages={255--282},
  year={1981},
  publisher={Springer}
}

@article{clarke-wright,
  title={Scheduling of vehicles from a central depot to a number of delivery points},
  author={Clarke, Geoff and Wright, John W},
  journal={Operations research},
  volume={12},
  number={4},
  pages={568--581},
  year={1964},
  publisher={Informs}
}

@article{christo-mingozzi-toth,
  title={State-space relaxation procedures for the computation of bounds to routing problems},
  author={Christofides, Nicos and Mingozzi, Aristide and Toth, Paolo},
  journal={Networks},
  volume={11},
  number={2},
  pages={145--164},
  year={1981},
  publisher={Wiley Online Library}
}

@article{laporte,
  title={Vehicle routing: historical perspective and recent contributions},
  author={Laporte, Gilbert and Toth, Paolo and Vigo, Daniele},
  journal={EURO Journal on Transportation and Logistics},
  volume={2},
  pages={1--4},
  year={2013},
  publisher={Springer}
}

@article{ford-fulkerson,
  title={A suggested computation for maximal multi-commodity network flows},
  author={Ford Jr, Lester Randolph and Fulkerson, Delbert R},
  journal={Management Science},
  volume={5},
  number={1},
  pages={97--101},
  year={1958},
  publisher={INFORMS}
}

@article{dantzig-wolfe,
  title={Decomposition principle for linear programs},
  author={Dantzig, George B and Wolfe, Philip},
  journal={Operations research},
  volume={8},
  number={1},
  pages={101--111},
  year={1960},
  publisher={INFORMS}
}

@article{desrosiers-soumis-desrochers,
  title={Routing with time windows by column generation},
  author={Desrosiers, Jacques and Soumis, Fran{\c{c}}ois and Desrochers, Martin},
  journal={Networks},
  volume={14},
  number={4},
  pages={545--565},
  year={1984},
  publisher={Wiley Online Library}
}

@article{gilmore-gomory1,
  title={A linear programming approach to the cutting-stock problem},
  author={Gilmore, Paul C and Gomory, Ralph E},
  journal={Operations research},
  volume={9},
  number={6},
  pages={849--859},
  year={1961},
  publisher={INFORMS}
}

@article{gilmore-gomory2,
  title={A linear programming approach to the cutting stock problem—Part II},
  author={Gilmore, Paul C and Gomory, Ralph E},
  journal={Operations research},
  volume={11},
  number={6},
  pages={863--888},
  year={1963},
  publisher={INFORMS}
}

@book{toth-vigo,
  title={The vehicle routing problem},
  author={Toth, Paolo and Vigo, Daniele},
  year={2002},
  publisher={SIAM}
}

@article{righini-salani,
  title={Symmetry helps: Bounded bi-directional dynamic programming for the elementary shortest path problem with resource constraints},
  author={Righini, Giovanni and Salani, Matteo},
  journal={Discrete Optimization},
  volume={3},
  number={3},
  pages={255--273},
  year={2006},
  publisher={Elsevier}
}

@article{lozano-duque-medaglia,
  title={An exact algorithm for the elementary shortest path problem with resource constraints},
  author={Lozano, Leonardo and Duque, Daniel and Medaglia, Andr{\'e}s L},
  journal={Transportation Science},
  volume={50},
  number={1},
  pages={348--357},
  year={2016},
  publisher={INFORMS}
}

@article{desrochers1992,
  title={A new optimization algorithm for the vehicle routing problem with time windows},
  author={Desrochers, Martin and Desrosiers, Jacques and Solomon, Marius},
  journal={Operations research},
  volume={40},
  number={2},
  pages={342--354},
  year={1992},
  publisher={INFORMS}
}

@book{cormen,
  title={Introduction to algorithms},
  author={Cormen, Thomas H and Leiserson, Charles E and Rivest, Ronald L and Stein, Clifford},
  year={2022},
  publisher={MIT press}
}

@book{lancia-serafini,
  title={Compact extended linear programming models},
  author={Lancia, Giuseppe and Serafini, Paolo},
  year={2018},
  publisher={Springer}
}

@incollection{poggi-uchoa,
  title={Chapter 3: New exact algorithms for the capacitated vehicle routing problem},
  author={Poggi, Marcus and Uchoa, Eduardo},
  booktitle={Vehicle Routing: Problems, Methods, and Applications, Second Edition},
  pages={59--86},
  year={2014},
  publisher={SIAM}
}

@incollection{desrosiers2005primer,
  title={A primer in column generation},
  author={Desrosiers, Jacques and L{\"u}bbecke, Marco E},
  booktitle={Column generation},
  pages={1--32},
  year={2005},
  publisher={Springer}
}

@article{feillet-et-al,
  title={An exact algorithm for the elementary shortest path problem with resource constraints: Application to some vehicle routing problems},
  author={Feillet, Dominique and Dejax, Pierre and Gendreau, Michel and Gueguen, Cyrille},
  journal={Networks: An International Journal},
  volume={44},
  number={3},
  pages={216--229},
  year={2004},
  publisher={Wiley Online Library}
}

@conference{co-at-work-luebbecke,
    title        = {Column Generation, Dantzig-Wolfe, Branch-Price-and-Cut},
    author       = {L{\"u}bbecke, Marco E},
    year         = 2020,
    booktitle    = {CO@Work},
    address      = {Berlin, Germany},
    pages        = {156},
    organization = {Zuse Institute Berlin}
}